@article{Frankenberg2011,
author = {Frankenberg, Christian and Fisher, Joshua B. and Worden, John and Badgley, Grayson and Saatchi, Sassan S. and Lee, Jung-Eun and Toon, Geoffrey C. and Butz, André and Jung, Martin and Kuze, Akihiko and Yokota, Tatsuya},
title = {New global observations of the terrestrial carbon cycle from GOSAT: Patterns of plant fluorescence with gross primary productivity},
journal = {Geophysical Research Letters},
year = {2011},
volume = {38},
number = {17},
pages = {},
keywords = {GOSAT, O2 A-band, chlorophyll fluorescence, gross primary production, remote sensing},
doi = {10.1029/2011GL048738},
}

@article{Cogan2012,
author = {Cogan, A. J. and Boesch, H. and Parker, R. J. and Feng, L. and Palmer, P. I. and Blavier, J.-F. L. and Deutscher, N. M. and Macatangay, R. and Notholt, J. and Roehl, C. and Warneke, T. and Wunch, D.},
title = {Atmospheric carbon dioxide retrieved from the Greenhouse gases Observing SATellite (GOSAT): Comparison with ground-based TCCON observations and GEOS-Chem model calculations},
journal = {Journal of Geophysical Research: Atmospheres},
year = {2012},
volume = {117},
number = {D21},
pages = {},
keywords = {GEOS-Chem, GOSAT, carbon dioxide, greenhouse gases, remote sensing},
doi = {10.1029/2012JD018087},
}

@article{Buchwitz2017,
title = "Global satellite observations of column-averaged carbon dioxide and methane: The GHG-CCI XCO2 and XCH4 CRDP3 data set",
journal = "Remote Sensing of Environment",
volume = "203",
pages = "276 - 295",
year = "2017",
note = "Earth Observation of Essential Climate Variables",
issn = "0034-4257",
doi = "https://doi.org/10.1016/j.rse.2016.12.027",
author = "M. Buchwitz and M. Reuter and O. Schneising and W. Hewson and R.G. Detmers and H. Boesch and O.P. Hasekamp and I. Aben and H. Bovensmann and J.P. Burrows and A. Butz and F. Chevallier and B. Dils and C. Frankenberg and J. Heymann and G. Lichtenberg and M. De Mazière and J. Notholt and R. Parker and T. Warneke and C. Zehner and D.W.T. Griffith and N.M. Deutscher and A. Kuze and H. Suto and D. Wunch",
keywords = "SCIAMACHY, GOSAT, Greenhouse gases, Carbon dioxide, Methane, Climate change"
}

@book{Rodgers2000,
  title={Inverse methods for atmospheric sounding: theory and practice},
  author={Rodgers, Clive D},
  volume={2},
  year={2000},
  publisher={World scientific}
}
